<?xml version="1.0" encoding="UTF-8" ?>
<collection xmlns:xsi="http://www.w3.org/2001/XMLSchema-instance" xsi:schemaLocation="http://www.loc.gov/MARC21/slim http://www.loc.gov/standards/marcxml/schema/MARC21slim.xsd" xmlns="http://www.loc.gov/MARC21/slim">
   <record>
      <leader>     cam a22     Ii 4500</leader>
      <controlfield tag="001">7111264</controlfield>
      <controlfield tag="003">NIC</controlfield>
      <controlfield tag="005">20150101093341.0</controlfield>
      <controlfield tag="008">800401s1975    ir            000 0 arard</controlfield>
      <datafield tag="035" ind1=" " ind2=" ">
         <subfield code="a">7111264</subfield>
      </datafield>
      <datafield tag="035" ind1=" " ind2=" ">
         <subfield code="a">(OCoLC)6156598</subfield>
      </datafield>
      <datafield tag="040" ind1=" " ind2=" ">
         <subfield code="a">WAU</subfield>
         <subfield code="c">WAU</subfield>
         <subfield code="d">OCLCG</subfield>
      </datafield>
      <datafield tag="049" ind1=" " ind2=" ">
         <subfield code="a">COOO</subfield>
      </datafield>
      <datafield tag="050" ind1=" " ind2="4">
         <subfield code="a">R143</subfield>
         <subfield code="b">.T22 1975</subfield>
      </datafield>
      <datafield tag="096" ind1=" " ind2=" ">
         <subfield code="a">WA 11 JA7 A3f 1928a</subfield>
      </datafield>
      <datafield tag="100" ind1="1" ind2=" ">
         <subfield code="a">Ṭabarī, ʻAlī ibn Sahl Rabbān,</subfield>
         <subfield code="d">active 9th century.</subfield>
      </datafield>
      <datafield tag="245" ind1="1" ind2="0">
         <subfield code="a">Firdaws al-ḥikmah fī al-ṭibb /</subfield>
         <subfield code="c">li-Abī al-Ḥasan ʻAlī ibn Sahl Rabban al-Ṭabarī ; qad iʻtaná bi-naskhihi wa-taṣḥīḥihi min naskhat Barlīn wa-al-Mūzah al-Birīṭānīyah wa-Ghūtā wa-naskhat Ḥakīm Khawājah Kamāl Muḥammad Zubayr al-Siddiqi.</subfield>
      </datafield>
      <datafield tag="260" ind1=" " ind2=" ">
         <subfield code="a">[Baghdād :</subfield>
         <subfield code="b">Maktabat al-Mutanabbī,</subfield>
         <subfield code="c">1975?]</subfield>
      </datafield>
      <datafield tag="300" ind1=" " ind2=" ">
         <subfield code="a">32, 620 p. ;</subfield>
         <subfield code="c">23 cm.</subfield>
      </datafield>
      <datafield tag="500" ind1=" " ind2=" ">
         <subfield code="a">Added t.p.: Firdausu&apos;l-ḥikmah or paradise of wisdom / of ʻAli b. Rabban al-Ṭabari.</subfield>
      </datafield>
      <datafield tag="500" ind1=" " ind2=" ">
         <subfield code="a">Reprint of the ed. published in Berlin, 1928.</subfield>
      </datafield>
      <datafield tag="500" ind1=" " ind2=" ">
         <subfield code="a">Preface also in English.</subfield>
      </datafield>
      <datafield tag="650" ind1=" " ind2="0">
         <subfield code="a">Medicine, Arab.</subfield>
      </datafield>
      <datafield tag="650" ind1=" " ind2="0">
         <subfield code="a">Physiology.</subfield>
      </datafield>
      <datafield tag="650" ind1=" " ind2="0">
         <subfield code="a">Human anatomy.</subfield>
      </datafield>
      <datafield tag="650" ind1=" " ind2="2">
         <subfield code="a">Medicine, Arabic.</subfield>
      </datafield>
      <datafield tag="650" ind1=" " ind2="2">
         <subfield code="a">Physiology.</subfield>
      </datafield>
      <datafield tag="650" ind1=" " ind2="2">
         <subfield code="a">Anatomy.</subfield>
      </datafield>
      <datafield tag="650" ind1=" " ind2="7">
         <subfield code="a">Human anatomy</subfield>
         <subfield code="2">fast</subfield>
         <subfield code="0">(OCoLC)fst00962785</subfield>
      </datafield>
      <datafield tag="650" ind1=" " ind2="7">
         <subfield code="a">Medicine, Arab</subfield>
         <subfield code="2">fast</subfield>
         <subfield code="0">(OCoLC)fst01015186</subfield>
      </datafield>
      <datafield tag="650" ind1=" " ind2="7">
         <subfield code="a">Physiology</subfield>
         <subfield code="2">fast</subfield>
         <subfield code="0">(OCoLC)fst01063177</subfield>
      </datafield>
      <datafield tag="700" ind1="1" ind2=" ">
         <subfield code="a">Siddiqi, Muḥammad Zubair.</subfield>
      </datafield>
      <datafield tag="948" ind1="0" ind2=" ">
         <subfield code="a">20110107</subfield>
         <subfield code="b">i</subfield>
         <subfield code="d">fl31</subfield>
         <subfield code="e">lts</subfield>
         <subfield code="h">appr</subfield>
      </datafield>
      <datafield tag="948" ind1="1" ind2=" ">
         <subfield code="a">20110107</subfield>
         <subfield code="b">f</subfield>
         <subfield code="d">fl31</subfield>
         <subfield code="e">lts</subfield>
      </datafield>
      <datafield tag="948" ind1="2" ind2=" ">
         <subfield code="a">20150101</subfield>
         <subfield code="b">m</subfield>
         <subfield code="d">batch</subfield>
         <subfield code="e">lts</subfield>
         <subfield code="x">addfast</subfield>
      </datafield>
      <datafield tag="994" ind1=" " ind2=" ">
         <subfield code="a">C0</subfield>
         <subfield code="b">COO</subfield>
      </datafield>
      <datafield tag="903" ind1=" " ind2=" ">
         <subfield code="a">NYUACO</subfield>
         <subfield code="d">20150421</subfield>
         <subfield code="p">31924115698890</subfield>
      </datafield>
      <datafield tag="950" ind1=" " ind2=" ">
         <subfield code="a">R143</subfield>
         <subfield code="b">.T22 1975</subfield>
         <subfield code="v"> </subfield>
      </datafield>
   </record>
</collection>
